
@Misc{kaggle-kkbox-challenge,
title = {WSDM - KKBox's Music Recommendation Challenge},
url = {https://www.kaggle.com/c/kkbox-music-recommendation-challenge},
howpublished = {Web},
year={2017},
note = {Accessed: 2018-02-27},
}

@article{Breese-Heckerman-Kadie,
    author =       "Breesem, J. S., Heckerman, D., and Kadie, C.",
    title =        "{Empirical Analysis of Predictive Algorithms for Collaborative Filtering}",
    journal =      "Proceddings of the 14th Conferences on Uncertainty in Artificial Intelligence",
    volume =       "",
    number =       "",
    pages =        "43--52",
    year =         "1998",
}
@article{item-basd-cf,
    author =       "Badrul, S., George, K., Joseph, K., and John R.",
    title =        "{Item-Based Collaborative Filtering Recommendation Algorithms}",
    journal =      "Proceedings of the 10th international conference on World Wide Web",
    volume =       "",
    number =       "",
    pages =        "285--295",
    year =         "2001",
}
@Inbook{editor00,
  author = 	 "",
  editor =       "Ian Editor",
  title =        "The title of book one",
  subtitle =     "The book subtitle",
  series =       "The name of the series one",
  year =         "2007",
  volume = 	 "9",
  address =      "Chicago",
  edition =      "1st.",
  publisher =    "University of Chicago Press",
  doi = 	 "10.1007/3-540-09237-4",
  url = 	 "http://dx.doi.org/10.1007/3-540-09456-9",
  OPTchapter = 	 "",
  OPTpages = 	 "",
  OPTnumber = 	 "",
  OPTtype = 	 "",
  OPTmonth = 	 "",
  OPTnote = 	 "",
}
